% Link to possible citation maker: https://www.citationmachine.net/bibtex

@misc{website:Jetbrains,
title = "Making Development an Enjoyable Experience",
month = "April",
year = "2020",
note = {Available at \url{https://www.jetbrains.com/idea/features}}
}

@misc{website:Overleaf,
title = "About us",
month = "April",
year = "2020",
note = {Available at \url{https://www.overleaf.com/about}}
}

@misc{website:GitLab,
title = "Empower your team to thrive remotely",
month = "April",
year = "2020",
note = {Available at \url{https://about.gitlab.com/}}
}

@misc{website:Balsamiq,
title = "Lifeâ€™s too short for bad software!",
month = "April",
year = "2020",
note = {Available at \url{https://balsamiq.com/company/#map}}
}

@misc{website:digitaltrends,
title = "What is Discord? ",
author = "Phil Hornshaw",
month = "March",
year = "2020",
note = {Available at \url{https://www.digitaltrends.com/gaming/what-is-discord/}}
}

@misc{website:SceneBuilder,
title = "Scene Builder",
month = "April",
year = "2020",
note = {Available at \url{https://gluonhq.com/products/scene-builder/}}
}

@misc{website:JavaWikipedia,
title = "Java (programming language)",
author = "Wikipedia contributors",
month = "April",
year = "2020",
note = {Available at \url{https://en.wikipedia.org/wiki/Java_(programming_language}}
}

@misc{website:GDrive,
title = "What is Google Drive?",
author = "Margaret Rouse",
month = "March",
year = "2018",
note = {Available at \url{https://searchmobilecomputing.techtarget.com/definition/Google-Drive}}
}

@misc{website:Stackoverflow,
title = "About - Stack Overflow,
month = "April",
year = "2020",
note = {Available at \url{https://stackoverflow.com/company}}
}